%@misc{pythonScrape,
%    
 %   title     = " On what basis PR estimator ranks a URI:",
 %   howpublished        = "http://www.seomastering.com/pagerank-prediction.php",
 %   author	="professional SEO authors ",
 %  Administrator  = " Igor Ivanov"
%}
@inproceedings{hao-vizsec13,
	author = {Lihua Hao and Christopher G. Healey and Steve E. Hutchinson},
	title = {Flexible Web Visualization for Alert-Based Network Security Analytics},
	booktitle = {Proceedings of the IEEE Workshop on Visualization for CyberSecurity (VizSec)},
	year = {2013},
	month = oct
}

@misc{RGraph,
author  = {{Richard Heyes}},
title = {{RGraph: HTML5 and JavaScript charts}},
howpublished = {\url{http://www.rgraph.net}}
}