@misc{DownloadGraphMLforKarateClub,
	title = {{Download GraphML for Karate Club}},
	howpublished = {\url{http://nexus.igraph.org/api/dataset_info?id=1&format=html}},
	author = {The Nexus team},
	year = {2011-2012}
}

@misc{CalculateEdgeBetweennessUsingPython,
	title = {{Calculate EdgeBetweenness using python}},
	howpublished ="\url {https://networkx.github.io/documentation/latest/_modules/networkx/algorithms/centrality/betweenness.html}",
	author  = {NetworkX Developers},
	year={2015}
}

@misc{Tutorial,
	title = {{Igraph Tutorial}},
	howpublished ="\url {http://igraph.org/python/doc/tutorial/tutorial.html}",
	author  = {The igraph core team.},
	year={2003-2015}
}
