@misc{pythonScrape,
    
    title     = " Get consumer key and secret:",
    howpublished        = "https://twittercommunity.com/t/how-do-i-find-my-consumer-key-and-secret/646"
}
@misc{PythonReference,
   
    title     = " code for extracting tweets:",
    howpublished     = "http://stackoverflow.com/questions/22469713/managing-tweepy-api-search"
}
@misc{LateXSyntax,

    title     = "Bibliography management with bibtex:",
    howpublished        = "pwdhttp://www.sharelatex.com/learn/"
}
@misc{Latex,
    
    title     = "Retrieve data from twitter:",
    howpublished        = "http://stackoverflow.com/questions/15628535/how-can-i-retrieve-all-tweets-and-attributes-for-a-given-user-using-python  code"
}
@misc{WebStructure,
    
    title     = "Mementos data:",
    howpublished        = "http://www.mementoweb.org/guide/quick-intro/ "
}
@misc{BibTex,
    
    title     = "How to use BibTex:",
    howpublished        = "http://www.bibtex.org/Using/"
}